<?xml version="1.0" encoding="UTF-8"?><record xmlns="http://www.loc.gov/MARC21/slim" xmlns:cinclude="http://apache.org/cocoon/include/1.0" xmlns:zs="http://www.loc.gov/zing/srw/">
  <leader>00862cz  a2200145n  4500</leader>
  <controlfield tag="001">n  88245039 </controlfield>
  <controlfield tag="003">DLC</controlfield>
  <controlfield tag="005">20120807083705.0</controlfield>
  <controlfield tag="008">890216n| acannaab           |a ana      </controlfield>
  <datafield tag="010" ind1=" " ind2=" ">
    <subfield code="a">n  88245039 </subfield>
  </datafield>
  <datafield tag="040" ind1=" " ind2=" ">
    <subfield code="a">DLC</subfield>
    <subfield code="b">eng</subfield>
    <subfield code="c">DLC</subfield>
    <subfield code="d">DLC</subfield>
  </datafield>
  <datafield tag="111" ind1="2" ind2=" ">
    <subfield code="a">Seminario Internacional de Rescate y Sistematización de Tecnologías Campesinas Andinas</subfield>
  </datafield>
  <datafield tag="411" ind1="2" ind2=" ">
    <subfield code="a">Seminario Internacional sobre Rescate y Sistematización del Conocimiento Campesino</subfield>
  </datafield>
  <datafield tag="667" ind1=" " ind2=" ">
    <subfield code="a">THIS 1XX FIELD CANNOT BE USED UNDER RDA UNTIL THIS RECORD HAS BEEN REVIEWED AND/OR UPDATED</subfield>
  </datafield>
  <datafield tag="670" ind1=" " ind2=" ">
    <subfield code="a">Its (1st : 1987 : Cajamarca, Peru). Tecnologías campesinas de los Andes, c1988:</subfield>
    <subfield code="b">p. 3 (Primer Seminario Internacional de Rescate y Sistematización de Tecnologías Campesinas Andinas) p. 9 (held 1987 in Cajamarca, Peru) p. 129 (Seminario Internacional sobre Rescate y Sistematización del Conocimiento Campesino)</subfield>
  </datafield>
</record>